<record><leader>00000cas a22000007a 4500</leader><controlfield tag="001">32686682</controlfield><controlfield tag="008">950621d190u191uokuwr n       0    0eng d</controlfield><datafield ind1=" " ind2=" " tag="010"><subfield code="a">sn 95076223 </subfield></datafield><datafield ind1=" " ind2=" " tag="040"><subfield code="a">OBN</subfield><subfield code="b">eng</subfield><subfield code="c">OBN</subfield><subfield code="d">OCLCQ</subfield><subfield code="d">OCLCF</subfield><subfield code="d">OCLCO</subfield></datafield><datafield ind1="1" ind2=" " tag="029"><subfield code="a">AU@</subfield><subfield code="b">000011783190</subfield></datafield><datafield ind1=" " ind2=" " tag="042"><subfield code="a">msc</subfield></datafield><datafield ind1=" " ind2=" " tag="043"><subfield code="a">n-us-ok</subfield></datafield><datafield ind1="0" ind2=" " tag="130"><subfield code="a">Searchlight (Cushing, Okla.)</subfield></datafield><datafield ind1="1" ind2="4" tag="245"><subfield code="a">The Searchlight.</subfield></datafield><datafield ind1=" " ind2=" " tag="260"><subfield code="a">Cushing (Okla.) :</subfield><subfield code="b">E.M. Green</subfield></datafield><datafield ind1=" " ind2=" " tag="300"><subfield code="a">v.</subfield></datafield><datafield ind1=" " ind2=" " tag="310"><subfield code="a">Weekly</subfield></datafield><datafield ind1=" " ind2=" " tag="500"><subfield code="a">"Official organ, Oklahoma Jurisdiction A.H.T.A."</subfield></datafield><datafield ind1=" " ind2=" " tag="588"><subfield code="a">Description based on: Vol. 1, no. 7 (Jan. 12, 1910).</subfield></datafield><datafield ind1=" " ind2="0" tag="651"><subfield code="a">Cushing (Okla.)</subfield><subfield code="v">Newspapers.</subfield></datafield><datafield ind1=" " ind2="0" tag="651"><subfield code="a">Payne County (Okla.)</subfield><subfield code="v">Newspapers.</subfield></datafield><datafield ind1="2" ind2="4" tag="610"><subfield code="a">Anti-Horse Thief Association</subfield><subfield code="z">Oklahoma</subfield><subfield code="v">Newspapers.</subfield></datafield><datafield ind1=" " ind2="7" tag="655"><subfield code="a">Newspapers.</subfield><subfield code="2">fast</subfield><subfield code="0">(OCoLC)fst01423814</subfield></datafield><datafield ind1=" " ind2="7" tag="651"><subfield code="a">Oklahoma</subfield><subfield code="z">Cushing.</subfield><subfield code="2">fast</subfield><subfield code="0">(OCoLC)fst01220554</subfield></datafield><datafield ind1=" " ind2="7" tag="651"><subfield code="a">Oklahoma</subfield><subfield code="z">Payne County.</subfield><subfield code="2">fast</subfield><subfield code="0">(OCoLC)fst01219312</subfield></datafield><datafield ind1=" " ind2=" " tag="752"><subfield code="a">United States</subfield><subfield code="b">Oklahoma</subfield><subfield code="c">Payne</subfield><subfield code="d">Cushing.</subfield></datafield></record>